@book{Kasap:2005:PEM:1594045,
 author = {Kasap, Safa},
 title = {Principles of Electronic Materials and Devices},
 year = {2006},
 isbn = {0073104647, 9780073104645},
 edition = {3},
 publisher = {McGraw-Hill, Inc.},
 address = {New York, NY, USA},
}

@book{marder2010condensed,
  title={Condensed Matter Physics},
  author={Marder, M.P.},
  isbn={9780470949948},
  url={https://books.google.com/books?id=ijloadAt4BQC},
  year={2010},
  publisher={Wiley}
}
